<record xmlns='http://www.loc.gov/MARC21/slim'><leader>01531cgm a2200361 a 4500</leader><controlfield tag='001'>2769224</controlfield><controlfield tag='005'>20141210001140.0</controlfield><controlfield tag='007'>vf|cbahou</controlfield><controlfield tag='008'>960307s1988    xxu064            vleng d</controlfield><datafield ind1=' ' ind2=' ' tag='035'><subfield code='a'>(NIC)notisANR5814</subfield></datafield><datafield ind1=' ' ind2=' ' tag='035'><subfield code='a'>(OCoLC)64090579</subfield></datafield><datafield ind1=' ' ind2=' ' tag='035'><subfield code='a'>2769224</subfield></datafield><datafield ind1=' ' ind2=' ' tag='040'><subfield code='a'>NIC</subfield><subfield code='c'>NIC</subfield><subfield code='d'>NIC</subfield></datafield><datafield ind1='0' ind2='0' tag='245'><subfield code='a'>Gloria Naylor</subfield><subfield code='h'>[videorecording] :</subfield><subfield code='b'>the evolution of a writer&apos;s voice /</subfield><subfield code='c'>Cornell University.</subfield></datafield><datafield ind1='1' ind2='3' tag='246'><subfield code='a'>Evolution of a writer&apos;s voice</subfield></datafield><datafield ind1=' ' ind2=' ' tag='260'><subfield code='c'>[1988]</subfield></datafield><datafield ind1=' ' ind2=' ' tag='300'><subfield code='a'>1 videocassette (64 min.) :</subfield><subfield code='b'>sd., col. ;</subfield><subfield code='c'>1/2 in.</subfield></datafield><datafield ind1=' ' ind2=' ' tag='538'><subfield code='a'>VHS.</subfield></datafield><datafield ind1=' ' ind2=' ' tag='500'><subfield code='a'>Title from videocassette label.</subfield></datafield><datafield ind1=' ' ind2=' ' tag='500'><subfield code='a'>&quot;ASRC 202&quot;--from label, 2nd copy.</subfield></datafield><datafield ind1=' ' ind2=' ' tag='500'><subfield code='a'>Videotaped at Cornell University in 1988.</subfield></datafield><datafield ind1=' ' ind2=' ' tag='520'><subfield code='a'>Writer Gloria Naylor speaks on the influence of other Black women writers and a southern background for her works. Also speaks on learning to articulate one&apos;s experience and writing in different voices to explore one&apos;s beliefs. She reads some excerpts of her books.</subfield></datafield><datafield ind1='1' ind2='0' tag='600'><subfield code='a'>Naylor, Gloria.</subfield></datafield><datafield ind1=' ' ind2='0' tag='650'><subfield code='a'>African American women authors</subfield><subfield code='y'>20th century.</subfield></datafield><datafield ind1=' ' ind2='0' tag='650'><subfield code='a'>American literature</subfield><subfield code='x'>African American authors.</subfield></datafield><datafield ind1='1' ind2='7' tag='600'><subfield code='a'>Naylor, Gloria</subfield><subfield code='2'>fast</subfield><subfield code='0'>(OCoLC)fst00082120</subfield></datafield><datafield ind1=' ' ind2='7' tag='648'><subfield code='a'>1900 - 1999</subfield><subfield code='2'>fast</subfield></datafield><datafield ind1=' ' ind2='7' tag='650'><subfield code='a'>African American women authors</subfield><subfield code='2'>fast</subfield><subfield code='0'>(OCoLC)fst00799477</subfield></datafield><datafield ind1=' ' ind2='7' tag='650'><subfield code='a'>American literature</subfield><subfield code='x'>African American authors</subfield><subfield code='2'>fast</subfield><subfield code='0'>(OCoLC)fst00807114</subfield></datafield><datafield ind1='1' ind2=' ' tag='700'><subfield code='a'>Naylor, Gloria.</subfield></datafield><datafield ind1='2' ind2=' ' tag='710'><subfield code='a'>Cornell University.</subfield></datafield><datafield ind1=' ' ind2=' ' tag='905'><subfield code='a'>19960426120000.0</subfield></datafield><datafield ind1='2' ind2=' ' tag='948'><subfield code='a'>20141209</subfield><subfield code='b'>m</subfield><subfield code='d'>batch</subfield><subfield code='e'>lts</subfield><subfield code='x'>addfast</subfield></datafield></record>